@article{Wang:1996:BAD:1189570.1189572,
	author = {Wang, Richard Y. and Strong, Diane M.},
	title = {Beyond Accuracy: What Data Quality Means to Data Consumers},
	journal = {J. Manage. Inf. Syst.},
	issue_date = {March 1996},
	volume = {12},
	number = {4},
	month = mar,
	year = {1996},
	issn = {0742-1222},
	pages = {5--33},
	numpages = {29},
	url = {http://dx.doi.org/10.1080/07421222.1996.11518099},
	doi = {10.1080/07421222.1996.11518099},
	acmid = {1189572},
	publisher = {M. E. Sharpe, Inc.},
	address = {Armonk, NY, USA},
	keywords = {data administration, data quality, database systems},
}

@INPROCEEDINGS{Segev1990,
	author={Segev, A. and Fang, W.},
	booktitle={Proceedings of Sixth International Conference on Data Engineering},
	title={Currency-based updates to distributed materialized views},
	year={1990},
	pages={512-520},
	keywords={distributed databases;transaction processing;currency-based updates;distributed environment;distributed materialized views;maximum time lag;simulation results;transaction database;Computer science;Cost function;Industrial engineering;Laboratories;Operations research;Testing;Time measurement;Timing;Transaction databases},
	doi={10.1109/ICDE.1990.113505},
	month={Feb},
}

@INPROCEEDINGS{BiniNatale,
	author={Bini, E. and Di Natale, M.},
	booktitle={Proceedings of 26th IEEE International Real-Time Systems Symposium},
	title={Optimal task rate selection in fixed priority systems},
	year={2005},
	pages={11 pp.-409},
	keywords={optimisation;real-time systems;scheduling;tree searching;branch-and-bound search;fixed priority systems;optimal task rate selection;optimization problem;real-time system;schedulability constraints;Automatic control;Automatic generation control;Computer architecture;Contracts;Design optimization;Processor scheduling;Real time systems;Timing;Vehicle dynamics;Yarn},
	doi={10.1109/RTSS.2005.32},
	ISSN={1052-8725},
	month={Dec},
}

@INPROCEEDINGS{SetoLehoczkySha,
	author={Danbing Seto and Lehoczky, J.P. and Lui Sha},
	booktitle={Proceedings of 19th IEEE Real-Time Systems Symposium},
	title={Task period selection and schedulability in real-time systems},
	year={1998},
	pages={188-198},
	keywords={computerised control;performance evaluation;real-time systems;scheduling;application related timing specifications;application tasks;computer controlled systems;dynamic priority scheduling methods;latency requirements;maximal acceptable latency;maximal acceptable latency requirements;optimal design;optimal periods;period selection problem;rate monotonic scheduling;real time applications;real time systems;small latency;static priority scheduling methods;system wide performance measure;task period selection;task periods;task set schedulability;Application software;Control systems;Delay;Frequency;Microwave integrated circuits;Process control;Processor scheduling;Real time systems;Software engineering;Statistics},
	doi={10.1109/REAL.1998.739745},
	month={Dec},
}

@INPROCEEDINGS{ChantemWangLemmonHu,
	author={Chantem, T. and Wang, Xiaofeng and Lemmon, M.D. and Hu, X.S.},
	booktitle={Proceedings of Euromicro Conference on Real-Time Systems},
	title={Period and Deadline Selection for Schedulability in Real-Time Systems},
	year={2008},
	pages={168-177},
	keywords={real-time systems;scheduling;task analysis;deadline selection;period selection;real-time systems;schedulability;task period adaptations;Automatic control;Control systems;Delay;Processor scheduling;Quality of service;Real time systems;Robust control;Sampling methods;Scheduling algorithm;Testing;Control Applications;Real-Time Scheduling;Schedulability Tests},
	doi={10.1109/ECRTS.2008.35},
	ISSN={1068-3070},
	month={July},
}

@INPROCEEDINGS{BelwalCheng,
	author={Belwal, C. and Cheng, A.M.K.},
	booktitle={IFIP 9th International Conference on Embedded and Ubiquitous Computing},
	title={Generating Bounded Task Periods for Experimental Schedulability Analysis},
	year={2011},
	pages={249-254},
	keywords={embedded systems;random processes;scheduling;task analysis;ad hoc methods;bounded task period generation;embedded system;hyper-period values;least common multiple;pseudorandom selection algorithm;random selection algorithm;real-time system;schedulability analysis model;synthetic task sets;task period selection;Analytical models;Complexity theory;Computational modeling;Heuristic algorithms;Real time systems;Sorting;Upper bound;Hyper-period;Schedulability analysis;bounded task periods;prime factorization;task generation},
	doi={10.1109/EUC.2011.39},
	month={Oct},
}

@inproceedings{bouzeghoub2004framework,
  title={A framework for analysis of data freshness},
  author={Bouzeghoub, Mokrane and Peralta, Veronika},
  booktitle={Proceedings of the International Workshop on Information Quality in Information Systems},
  pages={59--67},
  year={2004},
  organization={ACM}
}


@article{peralta2006data,
  title={Data freshness and data accuracy: a state of the art},
  author={Peralta, Veronika},
  journal={Reportes T{\'e}cnicos 06-13},
  year={2006},
  publisher={UR. FI--INCO.}
}

@inproceedings{wei2004maintaining,
  title={Maintaining data freshness in distributed real-time databases},
  author={Wei, Yuan and Son, Sang H and Stankovic, John A},
  booktitle={Proceedings of 16th Euromicro Conference on Real-Time Systems},
  pages={251--260},
  year={2004},
  organization={IEEE}
}

@article{kang2004managing,
  title={Managing deadline miss ratio and sensor data freshness in real-time databases},
  author={Kang, Kyoung-Don and Son, Sang H and Stankovic, John A},
  journal={IEEE Transactions on Knowledge and Data Engineering},
  volume={16},
  number={10},
  pages={1200--1216},
  year={2004},
  publisher={IEEE}
}

@article{bedewy2016optimizing,
  title={Optimizing Data Freshness, Throughput, and Delay in Multi-Server Information-Update Systems},
  author={Bedewy, Ahmed M and Sun, Yin and Shroff, Ness B},
  journal={arXiv preprint arXiv:1603.06185},
  year={2016}
}

@article{labrinidis2004exploring,
  title={Exploring the tradeoff between performance and data freshness in database-driven web servers},
  author={Labrinidis, Alexandros and Roussopoulos, Nick},
  journal={The VLDB Journal},
  volume={13},
  number={3},
  pages={240--255},
  year={2004},
  publisher={Springer-Verlag New York, Inc.}
}

@inproceedings{xiong2005deferrable,
  title={A deferrable scheduling algorithm for real-time transactions maintaining data freshness},
  author={Xiong, Ming and Han, Song and Lam, Kam-Yiu},
  booktitle={Proceedings of 26th IEEE Real-Time Systems Symposium},
  pages={11--pp},
  year={2005},
  organization={IEEE}
}

@inproceedings{seto1996task,
  title={On task schedulability in real-time control systems},
  author={Seto, Danbing and Lehoczky, John P and Sha, Lui and Shin, Kang G},
  booktitle={Proceedings of 17th IEEE Real-Time Systems Symposium},
  pages={13--21},
  year={1996},
  organization={IEEE}
}

@article{wu2010parameter,
  title={Parameter selection for real-time controllers in resource-constrained systems},
  author={Wu, Yifan and Buttazzo, Giorgio and Bini, Enrico and Cervin, Anton},
  journal={IEEE Transactions on Industrial Informatics},
  volume={6},
  number={4},
  pages={610--620},
  year={2010},
  publisher={IEEE}
}

@article{gerber1995guaranteeing,
  title={Guaranteeing real-time requirements with resource-based calibration of periodic processes},
  author={Gerber, Richard and Hong, Seongsoo and Saksena, Manas},
  journal={IEEE Transactions on Software Engineering},
  volume={21},
  number={7},
  pages={579--592},
  year={1995},
  publisher={IEEE}
}




