@article{Wang:1996:BAD:1189570.1189572,
	author = {Wang, Richard Y. and Strong, Diane M.},
	title = {Beyond Accuracy: What Data Quality Means to Data Consumers},
	journal = {J. Manage. Inf. Syst.},
	issue_date = {March 1996},
	volume = {12},
	number = {4},
	month = mar,
	year = {1996},
	issn = {0742-1222},
	pages = {5--33},
	numpages = {29},
	url = {http://dx.doi.org/10.1080/07421222.1996.11518099},
	doi = {10.1080/07421222.1996.11518099},
	acmid = {1189572},
	publisher = {M. E. Sharpe, Inc.},
	address = {Armonk, NY, USA},
	keywords = {data administration, data quality, database systems},
}

@INPROCEEDINGS{Segev1990,
	author={Segev, A. and Fang, W.},
	booktitle={Data Engineering, 1990. Proceedings. Sixth International Conference on},
	title={Currency-based updates to distributed materialized views},
	year={1990},
	pages={512-520},
	keywords={distributed databases;transaction processing;currency-based updates;distributed environment;distributed materialized views;maximum time lag;simulation results;transaction database;Computer science;Cost function;Industrial engineering;Laboratories;Operations research;Testing;Time measurement;Timing;Transaction databases},
	doi={10.1109/ICDE.1990.113505},
	month={Feb},
}

@ARTICLE{CODEMINE,
	author={Czerwonka, J. and Nagappan, N. and Schulte, W. and Murphy, B.},
	journal={Software, IEEE},
	title={CODEMINE: Building a Software Development Data Analytics Platform at Microsoft},
	year={2013},
	volume={30},
	number={4},
	pages={64-71},
	keywords={data analysis;planning;risk management;software maintenance;CODEMINE;Microsoft;course correction;course identification;development model;engineering process data analysis;engineering process data collection;progress tracking;risk mitigation;software development data analytics platform;software implementation;software planning;software postrelease maintenance;staffing level;Analytical models;Computer architecture;Computer bugs;Data analysis;Data models;Software architecture;Software development;Software quality;and software analytics;code quality;metrics;mining;reliability;software repositories},
	doi={10.1109/MS.2013.68},
	ISSN={0740-7459},
	month={July},
}

@INPROCEEDINGS{BiniNatale,
	author={Bini, E. and Di Natale, M.},
	booktitle={Real-Time Systems Symposium, 2005. RTSS 2005. 26th IEEE International},
	title={Optimal task rate selection in fixed priority systems},
	year={2005},
	pages={11 pp.-409},
	keywords={optimisation;real-time systems;scheduling;tree searching;branch-and-bound search;fixed priority systems;optimal task rate selection;optimization problem;real-time system;schedulability constraints;Automatic control;Automatic generation control;Computer architecture;Contracts;Design optimization;Processor scheduling;Real time systems;Timing;Vehicle dynamics;Yarn},
	doi={10.1109/RTSS.2005.32},
	ISSN={1052-8725},
	month={Dec},
}

@INPROCEEDINGS{SetoLehoczkySha,
	author={Danbing Seto and Lehoczky, J.P. and Lui Sha},
	booktitle={Real-Time Systems Symposium, 1998. Proceedings., The 19th IEEE},
	title={Task period selection and schedulability in real-time systems},
	year={1998},
	pages={188-198},
	keywords={computerised control;performance evaluation;real-time systems;scheduling;application related timing specifications;application tasks;computer controlled systems;dynamic priority scheduling methods;latency requirements;maximal acceptable latency;maximal acceptable latency requirements;optimal design;optimal periods;period selection problem;rate monotonic scheduling;real time applications;real time systems;small latency;static priority scheduling methods;system wide performance measure;task period selection;task periods;task set schedulability;Application software;Control systems;Delay;Frequency;Microwave integrated circuits;Process control;Processor scheduling;Real time systems;Software engineering;Statistics},
	doi={10.1109/REAL.1998.739745},
	month={Dec},
}

@INPROCEEDINGS{ChantemWangLemmonHu,
	author={Chantem, T. and Wang, Xiaofeng and Lemmon, M.D. and Hu, X.S.},
	booktitle={Real-Time Systems, 2008. ECRTS '08. Euromicro Conference on},
	title={Period and Deadline Selection for Schedulability in Real-Time Systems},
	year={2008},
	pages={168-177},
	keywords={real-time systems;scheduling;task analysis;deadline selection;period selection;real-time systems;schedulability;task period adaptations;Automatic control;Control systems;Delay;Processor scheduling;Quality of service;Real time systems;Robust control;Sampling methods;Scheduling algorithm;Testing;Control Applications;Real-Time Scheduling;Schedulability Tests},
	doi={10.1109/ECRTS.2008.35},
	ISSN={1068-3070},
	month={July},
}

@INPROCEEDINGS{BelwalCheng,
	author={Belwal, C. and Cheng, A.M.K.},
	booktitle={Embedded and Ubiquitous Computing (EUC), 2011 IFIP 9th International Conference on},
	title={Generating Bounded Task Periods for Experimental Schedulability Analysis},
	year={2011},
	pages={249-254},
	keywords={embedded systems;random processes;scheduling;task analysis;ad hoc methods;bounded task period generation;embedded system;hyper-period values;least common multiple;pseudorandom selection algorithm;random selection algorithm;real-time system;schedulability analysis model;synthetic task sets;task period selection;Analytical models;Complexity theory;Computational modeling;Heuristic algorithms;Real time systems;Sorting;Upper bound;Hyper-period;Schedulability analysis;bounded task periods;prime factorization;task generation},
	doi={10.1109/EUC.2011.39},
	month={Oct},
}